@article{dean2004mapreduce,
  title={MapReduce: Simplified Data Processing on Large Clusters},
  author={Dean, Jeffrey and Ghemawat, Sanjay},
  journal={To appear in OSDI},
  pages={1},
  year={2004}
}
@inproceedings{brewer2000towards,
  title={Towards robust distributed systems},
  author={Brewer, Eric A},
  booktitle={PODC},
  volume={7},
  year={2000}
}
@electronic{blogs.the451group.com,
  added-at = {2012-01-18T14:22:43.000+0100},
  author = {blogs.the451group.com},
  biburl = {http://www.bibsonomy.org/bibtex/2e7685e19f9bcaad38d28c7f784245f5e/maxirichter},
  interhash = {63537552c14273ad5fd8113280de6392},
  intrahash = {e7685e19f9bcaad38d28c7f784245f5e},
  keywords = {newsql bigdata polyglot_persistence},
  timestamp = {2012-01-18T14:22:43.000+0100},
  title = {What we talk about when we talk about NewSQL — Too much information},
  url = {http://blogs.the451group.com/information_management/2011/04/06/what-we-talk-about-when-we-talk-about-newsql/},
  year = 2012
}
@article{lith2010investigating,
  title={Investigating storage solutions for large data-A comparison of well performing and scalable data storage solutions for real time extraction and batch insertion of data},
  author={Lith, Adam and Mattsson, Jakob},
  year={2010},
  publisher={Chalmers University of Technology}
}
@article{chang2008bigtable,
  title={Bigtable: A distributed storage system for structured data},
  author={Chang, Fay and Dean, Jeffrey and Ghemawat, Sanjay and Hsieh, Wilson C and Wallach, Deborah A and Burrows, Mike and Chandra, Tushar and Fikes, Andrew and Gruber, Robert E},
  journal={ACM Transactions on Computer Systems (TOCS)},
  volume={26},
  number={2},
  pages={4},
  year={2008},
  publisher={ACM}
}
@article{lakshman2010cassandra,
  title={Cassandra: a decentralized structured storage system},
  author={Lakshman, Avinash and Malik, Prashant},
  journal={ACM SIGOPS Operating Systems Review},
  volume={44},
  number={2},
  pages={35--40},
  year={2010},
  publisher={ACM}
}
@inproceedings{hayashibara2004varphi,
  title={The $\varphi$ accrual failure detector},
  author={Hayashibara, Naohiro and Defago, Xavier and Yared, Rami and Katayama, Takuya},
  booktitle={Reliable Distributed Systems, 2004. Proceedings of the 23rd IEEE International Symposium on},
  pages={66--78},
  year={2004},
  organization={IEEE}
}
@article{corbett2013spanner,
  title={Spanner: Google’s globally distributed database},
  author={Corbett, James C and Dean, Jeffrey and Epstein, Michael and Fikes, Andrew and Frost, Christopher and Furman, Jeffrey John and Ghemawat, Sanjay and Gubarev, Andrey and Heiser, Christopher and Hochschild, Peter and others},
  journal={ACM Transactions on Computer Systems (TOCS)},
  volume={31},
  number={3},
  pages={8},
  year={2013},
  publisher={ACM}
}
@article{shute2013f1,
  title={F1: A distributed SQL database that scales},
  author={Shute, Jeff and Vingralek, Radek and Samwel, Bart and Handy, Ben and Whipkey, Chad and Rollins, Eric and Oancea, Mircea and Littlefield, Kyle and Menestrina, David and Ellner, Stephan and others},
  journal={Proceedings of the VLDB Endowment},
  volume={6},
  number={11},
  pages={1068--1079},
  year={2013},
  publisher={VLDB Endowment}
}
@article{gupta2014mesa,
  title={Mesa: Geo-replicated, near real-time, scalable data warehousing},
  author={Gupta, Ashish and Yang, Fan and Govig, Jason and Kirsch, Adam and Chan, Kelvin and Lai, Kevin and Wu, Shuo and Dhoot, Sandeep Govind and Kumar, Abhilash Rajesh and Agiwal, Ankur and others},
  journal={Proceedings of the VLDB Endowment},
  volume={7},
  number={12},
  year={2014}
}
@article{lamport2001paxos,
  title={Paxos made simple},
  author={Lamport, Leslie},
  journal={ACM Sigact News},
  volume={32},
  number={4},
  pages={18--25},
  year={2001}
}


@article{dewitt1992parallel,
  title={Parallel database systems: the future of high performance database systems},
  author={DeWitt, David and Gray, Jim},
  journal={Communications of the ACM},
  volume={35},
  number={6},
  pages={85--98},
  year={1992},
  publisher={ACM}
}
@inproceedings{ghemawat2003google,
  title={The Google file system},
  author={Ghemawat, Sanjay and Gobioff, Howard and Leung, Shun-Tak},
  booktitle={ACM SIGOPS operating systems review},
  volume={37},
  number={5},
  pages={29--43},
  year={2003},
  organization={ACM}
}





@article{valiant1990bridging,
  title={A bridging model for parallel computation},
  author={Valiant, Leslie G},
  journal={Communications of the ACM},
  volume={33},
  number={8},
  pages={103--111},
  year={1990},
  publisher={ACM}
}
@article{low2010graphlab,
  title={Graphlab: A new framework for parallel machine learning. arXiv preprint},
  author={Low, Yucheng and Gonzalez, Joseph and Kyrola, Aapo and Bickson, Danny and Guestrin, Carlos and Hellerstein, Joseph M},
  journal={arXiv preprint arXiv:1006.4990},
  volume={1},
  year={2010}
}
@article{low2012distributed,
  title={Distributed GraphLab: a framework for machine learning and data mining in the cloud},
  author={Low, Yucheng and Bickson, Danny and Gonzalez, Joseph and Guestrin, Carlos and Kyrola, Aapo and Hellerstein, Joseph M},
  journal={Proceedings of the VLDB Endowment},
  volume={5},
  number={8},
  pages={716--727},
  year={2012},
  publisher={VLDB Endowment}
}
@article{jampani2011monte,
  title={The monte carlo database system: Stochastic analysis close to the data},
  author={Jampani, Ravi and Xu, Fei and Wu, Mingxi and Perez, Luis and Jermaine, Chris and Haas, Peter J},
  journal={ACM Transactions on Database Systems (TODS)},
  volume={36},
  number={3},
  pages={18},
  year={2011},
  publisher={ACM}
}
@inproceedings{cai2013simulation,
  title={Simulation of database-valued Markov chains using SimSQL},
  author={Cai, Zhuhua and Vagena, Zografoula and Perez, Luis and Arumugam, Subramanian and Haas, Peter J and Jermaine, Christopher},
  booktitle={Proceedings of the 2013 ACM SIGMOD International Conference on Management of Data},
  pages={637--648},
  year={2013},
  organization={ACM}
}
@article{dai2013petuum,
  title={Petuum: A framework for iterative-convergent distributed ML},
  author={Dai, Wei and Wei, Jinliang and Zheng, Xun and Kim, Jin Kyu and Lee, Seunghak and Yin, Junming and Ho, Qirong and Xing, Eric P},
  journal={arXiv preprint arXiv:1312.7651},
  year={2013}
}
@article{zengcomparison,
  title={A Comparison of Lasso-type Algorithms on Distributed Parallel Machine Learning Platforms},
  author={Zeng, Jichuan and Yang, Haiqin and King, Irwin and Lyu, Michael R}
}
@inproceedings{cai2014comparison,
  title={A comparison of platforms for implementing and running very large scale machine learning algorithms},
  author={Cai, Zhuhua and Gao, Zekai J and Luo, Shangyu and Perez, Luis L and Vagena, Zografoula and Jermaine, Christopher},
  booktitle={Proceedings of the 2014 ACM SIGMOD international conference on Management of data},
  pages={1371--1382},
  year={2014},
  organization={ACM}
}


@article{massie2004ganglia,
  title={The ganglia distributed monitoring system: design, implementation, and experience},
  author={Massie, Matthew L and Chun, Brent N and Culler, David E},
  journal={Parallel Computing},
  volume={30},
  number={7},
  pages={817--840},
  year={2004},
  publisher={Elsevier}
}
@book{josephsen2007building,
  title={Building a monitoring infrastructure with Nagios},
  author={Josephsen, David},
  year={2007},
  publisher={Prentice Hall PTR}
}
@inproceedings{boulon2008chukwa,
  title={Chukwa, a large-scale monitoring system},
  author={Boulon, Jerome and Konwinski, Andy and Qi, Runping and Rabkin, Ariel and Yang, Eric and Yang, Mac},
  booktitle={Proceedings of CCA},
  volume={8},
  pages={1--5},
  year={2008}
}
@electronic{http://influxdb.com,
  added-at = {2012-01-18T14:22:43.000+0100},
  author = {http://influxdb.com},
  biburl = {http://www.bibsonomy.org/bibtex/2e7685e19f9bcaad38d28c7f784245f5e/maxirichter},
  interhash = {63537552c14273ad5fd8113280de6392},
  intrahash = {e7685e19f9bcaad38d28c7f784245f5e},
  keywords = {newsql bigdata polyglot_persistence},
  timestamp = {2012-01-18T14:22:43.000+0100},
  title = {An open-source, distributed, time series database
  with no external dependencies.},
  url = {http://influxdb.com},
  year = 2014
}

@electronic{http://sequenceiq.com,
  added-at = {2012-01-18T14:22:43.000+0100},
  author = {http://sequenceiq.com},
  biburl = {http://www.bibsonomy.org/bibtex/2e7685e19f9bcaad38d28c7f784245f5e/maxirichter},
  interhash = {63537552c14273ad5fd8113280de6392},
  intrahash = {e7685e19f9bcaad38d28c7f784245f5e},
  keywords = {newsql bigdata polyglot_persistence},
  timestamp = {2012-01-18T14:22:43.000+0100},
  title = {SELF SERVICE HADOOP PLATFORM - ANYWHERE.},
  url = {http://sequenceiq.com},
  year = 2014
}

@electronic{http://grafana.org,
  added-at = {2012-01-18T14:22:43.000+0100},
  author = {http://grafana.org},
  biburl = {http://www.bibsonomy.org/bibtex/2e7685e19f9bcaad38d28c7f784245f5e/maxirichter},
  interhash = {63537552c14273ad5fd8113280de6392},
  intrahash = {e7685e19f9bcaad38d28c7f784245f5e},
  keywords = {newsql bigdata polyglot_persistence},
  timestamp = {2012-01-18T14:22:43.000+0100},
  title = {An open source, feature rich metrics dashboard and graph editor for 
  Graphite, InfluxDB \& OpenTSDB.},
  url = {http://grafana.org},
  year = 2013
}

@electronic{http://www.cloudera.com,
  added-at = {2012-01-18T14:22:43.000+0100},
  author = {http://www.cloudera.com},
  biburl = {http://www.bibsonomy.org/bibtex/2e7685e19f9bcaad38d28c7f784245f5e/maxirichter},
  interhash = {63537552c14273ad5fd8113280de6392},
  intrahash = {e7685e19f9bcaad38d28c7f784245f5e},
  keywords = {newsql bigdata polyglot_persistence},
  timestamp = {2012-01-18T14:22:43.000+0100},
  title = {End-to-End Administration for Hadoop},
  url = {http://grafana.org},
  year = 2011
}

@electronic{http://hortonworks.com/hadoop/ambari,
  added-at = {2012-01-18T14:22:43.000+0100},
  author = {http://hortonworks.com/hadoop/ambari},
  biburl = {http://www.bibsonomy.org/bibtex/2e7685e19f9bcaad38d28c7f784245f5e/maxirichter},
  interhash = {63537552c14273ad5fd8113280de6392},
  intrahash = {e7685e19f9bcaad38d28c7f784245f5e},
  keywords = {newsql bigdata polyglot_persistence},
  timestamp = {2012-01-18T14:22:43.000+0100},
  title = {A framework for provisioning, managing and monitoring Apache Hadoop clusters},
  url = {http://hortonworks.com/hadoop/ambar},
  year = 2013
}

@electronic{http://data.linkedin.com/opensource/white-elephant,
  added-at = {2012-01-18T14:22:43.000+0100},
  author = {http://data.linkedin.com/opensource/white-elephant},
  biburl = {http://www.bibsonomy.org/bibtex/2e7685e19f9bcaad38d28c7f784245f5e/maxirichter},
  interhash = {63537552c14273ad5fd8113280de6392},
  intrahash = {e7685e19f9bcaad38d28c7f784245f5e},
  keywords = {newsql bigdata polyglot_persistence},
  timestamp = {2012-01-18T14:22:43.000+0100},
  title = {Hadoop Usage Dashboard},
  url = {http://data.linkedin.com/opensource/white-elephant},
  year = 2012
}